@BOOK{DUMMY:1,
AUTHOR="John Doe",
TITLE="The Book without Title",
PUBLISHER="Publisher",
YEAR="2015",
}

@online{DUMMY:3,
   author		= {John Doe},
   title		= {The Webpage without Title},
   howpublished = {\url {http://google.com/}},
   note			= {zuletzt besucht: 01.01.2000}
}